% овде наводити bibtex референце
% bibtex уносе не морате сами писати већ их можете скинути за публикацију од интереса
% Нпр. бибтекс за неку публикацију можете добити претрагом google scholar сервиса (клик на инокницу наводника испод испод публикације отвара прозор одакле можете скинути
% бибтекс референцу). Такође, постоји и google scholar plugin који вам може олакшати претрагу.
% Можете користити и менаџере референци попут Zotero-a i Mendeley-a (такође имају plugin-e за претраживаче).
% Осим тога, аутори публикација некада своје начине своје публикације доступним на arXiv-у и сличним сервисима за публиковање радова одакле такође можете скинути
% бибтекс уносе за публикације.


@misc{backtrack,
  title = {Backtracking},
  howpublished = {\url{https://en.wikipedia.org/wiki/Backtracking/}},
  note = {Последњи приступ: 14.1.2024},
  year = {2024}
}

@misc{sudokuReport,
  title = {Sudoku report},
  howpublished = {\url{http://www.individual.utoronto.ca/rafatrashid/Projects/2012/SudokuReport.pdf}},
  note = {Последњи приступ: 14.1.2024},
  year = {2024}
}

@misc{sudokuReport,
  title = {Sudoku report},
  howpublished = {\url{http://www.individual.utoronto.ca/rafatrashid/Projects/2012/SudokuReport.pdf}},
  note = {Последњи приступ: 14.1.2024},
  year = {2024}
}

@misc{sudokuMulti,
  title = {Multi threaded sudoku solver},
  howpublished = {\url{https://web.archive.org/web/20200229125814id_/https://www.researchgate.net/profile/Ebin_Scaria/publication/339536682_Multi-Threaded_Sudoku_Solver/links/5e57db73a6fdccbeba07358b/Multi-Threaded-Sudoku-Solver.pdf}},
  note = {Последњи приступ: 14.1.2024},
  year = {2024}
}

@misc{sudokuMPI,
  title = {Using MPI One-Sided Communication for Parallel Sudoku Solving},
  howpublished = {\url{https://www.diva-portal.org/smash/record.jsf?pid=diva2%3A1766597&dswid=6848}},
  note = {Последњи приступ: 14.1.2024},
  year = {2024}
}

@misc{pthreads,
  title = {pthreads},
  howpublished = {\url{https://docs.oracle.com/cd/E26502_01/html/E35303/tlib-1.html}},
  note = {Последњи приступ: 14.1.2024},
  year = {2024}
}

@misc{open_mp,
  title = {OpenMP},
  howpublished = {\url{https://www.openmp.org/resources/refguides/}},
  note = {Последњи приступ: 14.1.2024},
  year = {2024}
}

@misc{open_mpi,
  title = {OpenMPI},
  howpublished = {\url{https://www.open-mpi.org/doc/}},
  note = {Последњи приступ: 14.1.2024},
  year = {2024}
}